@book {Voight,
    AUTHOR = {Voight, John},
     TITLE = {Quaternion algebras},
    SERIES = {Graduate Texts in Mathematics},
    VOLUME = {288},
 PUBLISHER = {Springer, Cham},
      YEAR = {[2021] \copyright 2021},
     PAGES = {xxiii+885},
      ISBN = {978-3-030-56692-0; 978-3-030-56694-4},
   MRCLASS = {11R52 (11-02 11E12 11F06 16H05 16U60 20H10)},
  MRNUMBER = {4279905},
MRREVIEWER = {Juliusz\ Brzezi\'nski},
       DOI = {10.1007/978-3-030-56694-4},
       URL = {https://doi.org/10.1007/978-3-030-56694-4},
}

@misc{Jacobs,
    title = {Slopes of Compact Hecke operators},
    author = {Daniel Jacobs},
    howpublished = {\url{https://www.ma.imperial.ac.uk/~buzzard/maths/research/notes/jacobs_phd.pdf}},
    note = {Accesssed: 05/05/2025}
}

@book {Gouvea,
    AUTHOR = {Gouv\^ea, Fernando Q.},
     TITLE = {{$p$}-adic numbers},
    SERIES = {Universitext},
   EDITION = {Third},
      NOTE = {An introduction},
 PUBLISHER = {Springer, Cham},
      YEAR = {[2020] \copyright 2020},
     PAGES = {vi+373},
      ISBN = {978-3-030-47295-5; 978-3-030-47294-8},
   MRCLASS = {11S80 (11-01 12J25 13F30)},
  MRNUMBER = {4175370},
MRREVIEWER = {Daniel\ Barsky},
       DOI = {10.1007/978-3-030-47295-5},
       URL = {https://doi.org/10.1007/978-3-030-47295-5},
}

@article {Serre,
    AUTHOR = {Serre, Jean-Pierre},
     TITLE = {Endomorphismes compl\`etement continus des espaces de {B}anach
              {$p$}-adiques},
   JOURNAL = {Inst. Hautes \'Etudes Sci. Publ. Math.},
  FJOURNAL = {Institut des Hautes \'Etudes Scientifiques. Publications
              Math\'ematiques},
    NUMBER = {12},
      YEAR = {1962},
     PAGES = {69--85},
      ISSN = {0073-8301,1618-1913},
   MRCLASS = {47.45 (12.70)},
  MRNUMBER = {144186},
       URL = {http://www.numdam.org/item?id=PMIHES_1962__12__69_0},
}

@book {DS,
    AUTHOR = {Diamond, Fred and Shurman, Jerry},
     TITLE = {A first course in modular forms},
    SERIES = {Graduate Texts in Mathematics},
    VOLUME = {228},
 PUBLISHER = {Springer-Verlag, New York},
      YEAR = {2005},
     PAGES = {xvi+436},
      ISBN = {0-387-23229-X},
   MRCLASS = {11Fxx},
  MRNUMBER = {2112196},
MRREVIEWER = {Henri\ Darmon},
}

@misc{Flunke,
    title = {Modular forms Magic Course 2025},
    author = {Jens Flunke},
    howpublished = {\url{https://maths-magic.ac.uk/courses/2024-2025/magic049}}
}

@misc{LocalFields,
    title = {Local Fields Magic Course 2025},
    author = {Christian Wuthrich},
    howpublished = {\url{https://maths-magic.ac.uk/courses/2024-2025/magic037}}
}

@book {Bourbaki,
    AUTHOR = {Bourbaki, Nicolas},
     TITLE = {Elements of mathematics. {A}lgebra, {P}art {I}: {C}hapters
              1-3},
      NOTE = {Translated from the French},
 PUBLISHER = {Hermann, Paris; Addison-Wesley Publishing Co., Reading, MA},
      YEAR = {1974},
     PAGES = {xxiii+709},
   MRCLASS = {00A05 (15-XX)},
  MRNUMBER = {354207},
}

@misc{FLT,
    title = {FLT blueprint},
    author = {Kevin Buzzard},
    howpublished = {\url{https://imperialcollegelondon.github.io/FLT/blueprint/}}
}
